2474 4620
445 150 526 248 (Si
552 155 589 228 4.
614 153 650 230 ἃ
672 149 731 245 6·)
1005 158 1060 239 ³5

146 388 210 438 eor
238 365 474 438 inimicorum
497 390 572 437 non
601 367 760 440 reddant
785 369 952 451 anxium

142 485 214 555 tibi
240 484 424 574 quomodo
448 484 604 554 concedi
628 496 752 575 posset
781 485 869 553 talis
894 496 1022 578 states,

19 568 24 677 Ι
144 602 204 672 cni
224 625 310 673 cnm
335 603 464 671 amicis
488 602 563 670 tuis
587 604 840 673 controversia
864 612 982 674 estet
1007 606 1100 681 rixo·

21 814 24 821 .
140 751 256 820 Amor
280 751 471 822 hominnm
495 772 689 841 purorum,
715 751 794 820 rire
825 753 866 822 in
896 766 1098 846 conspecto

62 859 227 955 (adstent)
254 869 333 938 sive
359 893 381 936 a
405 867 635 950 cervicibus,
660 887 736 933 non
754 861 937 955 ejusmodi
960 881 1028 956 est,
1053 880 1097 940 ut

61 993 195 1075 rtergo
221 984 318 1053 vitia
342 975 445 1071 (tua)
472 993 701 1068 recenseant,
726 991 764 1049 et
791 1005 812 1050 a
835 981 960 1054 fronte
983 973 1097 1054 mori-

60 1107 151 1169 ontnr
164 1092 252 1192 (pro
272 1110 310 1170 te
328 1099 424 1168 mori
441 1099 694 1189 paratissimos
718 1119 756 1167 ee
781 1121 857 1168 erse
877 1094 1096 1191 ostentent).

138 1247 359 1321 Dietiehon:
395 1247 444 1319 In
488 1255 707 1336 conspectu,
752 1245 849 1316 siout
891 1247 996 1357 ovis,
1037 1254 1093 1319 est

688 1373 914 1447 mansuetus;

25 1498 28 1569 ;
140 1504 161 1550 a
184 1489 311 1572 tergo,
335 1481 434 1551 siout
458 1480 587 1571 lopus,
611 1477 779 1548 homines
804 1479 947 1549 rodens.

25 1598 29 1631 ε
140 1632 316 1722 Quisquis
340 1633 390 1702 sit
422 1631 489 1721 qui
520 1630 613 1701 vitia
638 1629 797 1700 oliorum
821 1629 871 1697 ed
894 1639 932 1699 te
958 1630 1093 1721 adpor-

10 1757 17 1797 ⁸
682 1760 738 1818 tet
765 1757 802 1816 et
827 1759 1031 1832 recenseat,

138 1849 213 1918 sine
234 1849 351 1920 dubio
367 1848 462 1918 vitia
480 1857 543 1918 tua
564 1867 687 1916 coram
699 1847 784 1916 aliis
799 1848 966 1918 narrabit
979 1846 1090 1918 idem·

332 2091 488 2190 Caput
525 2094 794 2170 Secundum.

205 2331 219 2353 ,
291 2261 347 2328 lie
379 2261 572 2328 Portibus
607 2259 826 2325 Oretionis.

136 2396 171 2493 §.
194 2400 231 2475 5.
272 2401 520 2474 Grammatici
534 2404 746 2487 Persarum,
771 2402 820 2470 ad
845 2404 1088 2482 imitationem

51 2532 215 2625 Arabum,
250 2547 326 2606 tres
359 2537 612 2606 tantummodo
642 2545 834 2605 numerant
859 2549 982 2627 partes
1007 2563 1087 2615 ore-

10 2648 17 2824 ἶ
47 2689 154 2760 tionis.
206 2681 249 2775 1)
276 2649 341 2819 fiii
365 2680 476 2776 (ism)
500 2685 667 2776 Nomen,
697 2689 796 2777 quod
821 2693 946 2762 omnia
970 2696 1088 2765 nomi·

42 2860 98 2926 nr,
116 2851 195 2910 tam
216 2843 446 2913 substantiva
459 2862 568 2931 qnam
581 2838 789 2932 adjective,
806 2851 844 2911 et
855 2849 1089 2936 pronomina
1211 2860 1216 2870 ’

38 2993 306 3097 complectitor.
322 2952 385 3080 Ι)
404 2953 490 3107 διο-ζ
514 2980 621 3082 (fi‘l)
646 2960 824 3086 Verbum,
849 3007 887 3067 et
910 2992 956 3085 3)
975 2959 1088 3124 εἰῇ-’ἱ

36 3130 186 3239 (horst
203 3141 424 3236 particula,
463 3142 569 3237 cnjus
599 3143 768 3216 diversae
800 3149 941 3236 species
980 3160 1083 3222 sunt:

35 3274 240 3366 adverbia,
258 3276 584 3373 praepositiones,
609 3275 887 3372 conjunctiones
905 3291 944 3353 et
967 3282 1085 3357 inter-

26 3402 222 3491 jectiones.

126 3580 164 3676 §.
188 3587 227 3657 6.
277 3591 398 3676 Quum
429 3589 530 3660 haud
563 3591 698 3681 exigue
729 3566 922 3663 nominuni
951 3616 1038 3686 pers
1062 3622 1084 3667 e

34 3695 155 3772 Verbo
181 3704 386 3794 derivetur,
411 3729 494 3796 nos,
514 3709 692 3778 ‘methodo
721 3709 927 3779 insistenter
949 3711 1082 3782 Gram-

30 3818 246 3888 maticorum
272 3823 529 3915 orientalium,
552 3824 764 3900 doctrinam
788 3823 836 3896 de
860 3825 986 3915 Verbo
1005 3825 1080 3899 No·

27 3935 117 4012 mini
142 3937 409 4030 praemisimus.
