2474 4620
185 109 262 184 ns
391 42 399 61 ⁴
525 101 605 200 (ss
629 109 690 181 o.
715 104 796 196 ss.)

239 308 379 383 Fuiori
408 311 532 399 notio,
565 333 659 401 quae
688 312 842 382 A⁰risto
871 334 978 404 saepe
1011 311 1197 404 inhaeret,

140 471 184 521 ex
215 449 298 540 ipso
328 459 503 519 contextu
537 446 650 517 facile
677 449 811 518 elucet.
874 446 941 519 Sic
969 461 1052 537 post
1080 453 1198 540 parti·

139 580 242 652 cuias
273 590 424 669 tempus
469 580 634 653 sutorum
680 579 887 648 iudicantes
927 573 1002 664 (ex.
1038 602 1073 648 c.
1115 562 1213 706 iosi'

133 709 284 802 ferde,
310 732 427 797 cras,
466 689 539 804 ffli
562 689 606 814 p‘i
634 725 723 806 an,
743 730 816 801 pes
843 729 888 777 ez
912 715 968 792 in,
995 710 1195 801 posthae

137 873 170 920 e.
195 869 222 918 s.
247 835 318 938 μ),
345 857 429 934 post
461 843 564 912 aliud
597 843 748 911 verbum
775 844 813 911 in
839 843 1074 934 imperativo
1103 847 1194 935 posi-

139 991 235 1069 tum,
275 979 315 1047 in
351 974 591 1070 juramentis
629 987 667 1043 et
704 973 1053 1061 obsecrationibus,
1093 999 1194 1067 saepe

139 1135 284 1203 quoque
311 1111 349 1181 in
375 1110 569 1178 enuntiato
588 1078 839 1176 conditionali
857 1131 918 1175 seu
940 1106 1193 1199 hypothetico,

140 1247 180 1316 in
205 1242 523 1335 propositionibus
549 1236 790 1330 disjunctivis
817 1235 1036 1328 (particulis
1057 1218 1193 1326 iJ-ig

130 1376 184 1472 ja
197 1374 324 1469 -jo‚
349 1389 422 1444 aut
440 1403 491 1421 -
509 1383 586 1441 aut
613 1364 850 1463 conjunctis),
877 1386 914 1442 et
939 1374 1192 1470 interrogati·

137 1513 198 1582 cis
223 1504 483 1598 (antecedente
520 1507 738 1596 pronomine
778 1507 1053 1597 interrogativo
1087 1489 1189 1627 of),

140 1663 278 1735 Futuri
304 1670 524 1752 potestatem
549 1657 661 1728 habet
683 1658 871 1728 Aoristum
897 1657 1053 1748 linguae
1080 1655 1188 1751 persi·

138 1819 214 1868 coe.
271 1792 382 1882 Quod
407 1791 616 1860 observasse
648 1789 831 1874 sufficiam
864 1790 985 1856 omnia
1011 1791 1110 1858 enim
1131 1808 1184 1856 ex·

138 1926 272 2018 emplis
305 1924 491 1993 iilustrare
522 1921 674 2012 longum
705 1935 778 2010 est,
811 1921 923 2012 idque
957 1932 1063 1991 vetat
1089 1922 1187 2013 opas·

137 2057 215 2129 culi
241 2054 376 2139 nostri,
401 2074 512 2143 supra
537 2053 684 2121 modum
697 2049 778 2143 jam
805 2052 1064 2141 increscentis,
1090 2051 1187 2122 ratio.

237 2377 273 2476 S.
298 2384 360 2458 98.
398 2385 595 2456 Praesens
616 2391 653 2453 et
673 2342 857 2454 Futurum
882 2380 1052 2476 simplex
1076 2384 1185 2472 ambo,

137 2532 179 2594 ut
205 2523 244 2591 io
264 2512 299 2609 S.
318 2514 377 2590 15.
396 2518 638 2605 ostendimus,
665 2540 707 2586 ex
727 2518 878 2651 aporiato
904 2519 1099 2602 oriuntur3
1122 2516 1185 2587 isoc

137 2670 336 2766 praemissi
359 2669 546 2760 particuli
565 2688 615 2790 ⁸?
634 2669 692 2739 vel
710 2690 760 2766 ψ
785 2690 878 2759 quae
903 2682 1185 2740 momentaneam

135 2825 320 2898 actionem
343 2822 559 2912 plerumque
592 2822 756 2910 indicat,
785 2819 887 2889 illud
916 2821 1050 2890 additi
1076 2819 1184 2892 couti·

135 2957 321 3028 pastionis
343 2957 430 3025 noti
454 2976 523 3050 (μ
549 2955 608 3024 vei
627 2958 739 3047 (Σφὼ,
764 2975 856 3043 quae
883 2975 953 3022 vox
979 2953 1180 3045 saepissime

134 3091 285 3161 Aoristo
318 3087 583 3181 praemittitur,
614 3098 652 3157 at
687 3109 962 3175 nonnunquam,
1001 3089 1116 3178 idque
1147 3088 1180 3155 iu

130 3203 257 3317 poisi,
281 3222 401 3293 eidem
420 3242 566 3311 quoque
587 3222 824 3311 postponitur
844 3212 972 3309 (§.15:
993 3223 1030 3309 4,
1047 3234 1122 3292 not.
1136 3208 1178 3310 l).

136 3361 309 3432 Ceterum
334 3359 374 3427 in
399 3380 466 3426 usu
492 3357 699 3426 Praesentis
730 3355 860 3446 lingua
885 3359 1032 3446 persica
1059 3376 1179 3449 parum

134 3492 263 3562 differt
290 3515 312 3561 a
336 3492 469 3560 nostris
498 3490 655 3581 linguis,
694 3511 805 3578 quaro
832 3489 871 3559 iu
900 3488 996 3576 iliis,
1029 3492 1181 3580 quaein

124 3623 300 3716 ¹proxime
336 3620 577 3712 praecedenti
605 3613 640 3708 S.
665 3621 769 3691 dicta
803 3631 904 3703 suut,
942 3621 1180 3693 subsistimus.

132 3756 189 3827 Do
215 3754 359 3825 Futuro
388 3754 560 3846 simplici
590 3754 787 3823 tenendum
821 3762 892 3838 est,
926 3751 1026 3823 idem
1053 3756 1183 3846 saepit·

134 3886 221 3956 sime
248 3886 467 3976 respondere
493 3885 637 3954 Futuro
663 3885 827 3977 simplici
854 3884 1006 3978 liuguae
1033 3888 1186 3975 latinae,
