2474 4620
54 39 1157 591 tm

402 739 889 828 Praefatio

285 1154 322 1166 -
340 1153 377 1162 -
393 1082 521 1185 „minora
539 1123 588 1179 illa
608 1152 643 1164 —
664 1125 730 1185 sed,
751 1141 821 1201 quus
841 1123 867 1176 si
885 1122 1109 1193 negligamus
1127 1123 1166 1179 sit

464 1231 620 1298 majoribus
639 1231 751 1302 locus.'’
818 1229 1018 1300 Quintilianus.

89 1470 249 1602 Haud
275 1531 415 1624 injuste
430 1534 662 1626 gravissimas
685 1535 780 1604 inter
799 1557 956 1625 caussas,
974 1559 1067 1626 quae
1090 1544 1164 1607 stu·

93 1657 211 1722 dium
240 1653 452 1744 linguarum
478 1655 713 1722 orientalium
738 1658 945 1744 retardent,
978 1658 1161 1726 numerari

95 1772 201 1837 solet
236 1771 366 1858 inopia
399 1771 662 1854 subsidiorum,
701 1771 870 1858 inprimis
896 1773 1076 1841 librorum
1102 1771 1163 1840 di·

95 1887 361 1977 dacticorum,
387 1899 587 1975 praecepta
607 1887 737 1959 barum
758 1887 969 1978 linguarum
994 1890 1160 1958 breviter

100 2014 142 2068 et
168 2003 342 2070 dilucide
368 2004 632 2070 exhibentium.
685 2000 728 2069 Si
754 2005 851 2070 enim
879 2027 898 2070 a
926 2005 1003 2072 sold
1027 2005 1162 2073 disces·

105 2118 203 2180 seris
232 2118 364 2205 lingui
396 2116 586 2201 Hebraei,
626 2112 731 2202 cujus
765 2108 982 2186 ediscendae
1014 2119 1161 2208 copiam

115 2233 335 2299 nostratibus
356 2233 555 2320 praebuere
577 2241 614 2298 et
628 2231 839 2298 adhucdum
862 2235 1041 2318 praebent
1062 2233 1161 2320 opti·

105 2344 162 2408 mi
189 2343 278 2410 libri
305 2345 488 2412 didactiei
514 2367 535 2409 a
564 2344 653 2411 viris
675 2343 933 2410 eruditissimis
958 2345 1160 2433 praecipuo

104 2463 147 2528 in
178 2460 527 2542 Germania·editi;
568 2445 607 2527 in
642 2461 775 2529 ceteris
800 2459 967 2527 omnibus
994 2457 1161 2529 Orientis

102 2577 348 2668 idiomatibus
374 2558 634 2665 percipiendis·
657 2573 812 2644 maximi
846 2598 1019 2666 urgemur
1044 2575 1160 2646 subsi-

100 2695 256 2762 diorum
280 2691 447 2780 peuurid.
510 2691 588 2758 Aut
620 2694 735 2776 enim,
767 2693 833 2782 qui
863 2693 901 2761 in
929 2692 1047 2762 lucem
1074 2674 1165 2779 pro-x

98 2811 211 2878 diere
236 2808 366 2874 harum
392 2807 600 2895 linguarum
633 2808 724 2875 libri
756 2811 1008 2893 elementares,
1044 2807 1161 2875 nimio

101 2934 269 2993 veneunt
294 2923 430 3011 pretio,
455 2925 507 2990 ita
540 2935 580 2990 ut
607 2947 627 2990 a
654 2927 882 3012 paucissimis
907 2925 980 2992 emi
1005 2924 1160 3013 possint,

99 3050 170 3107 aut
198 3040 277 3106 rari
303 3047 339 3106 et
365 3040 404 3105 in
430 3037 592 3105 tabernis
626 3039 792 3108 librariis
818 3063 892 3108 uon
918 3040 1022 3107 obvii
1048 3058 1161 3126 pecu·

98 3155 165 3223 uiri
204 3153 414 3240 comparari
453 3165 658 3240 nequeunt,
691 3168 753 3235 aut
781 3154 978 3246 peregrinat
1003 3154 1160 3243 quadam

102 3269 312 3361 conscripti
358 3267 489 3358 linguai
532 3267 796 3338 difficultatem
841 3271 880 3339 in
922 3270 1160 3339 idiomatibus

100 3383 351 3452 orientalibus
391 3383 642 3468 ediscendis„
667 3406 734 3475 per
773 3409 809 3452 se
855 3407 928 3453 nou
968 3385 1160 3474 exiguam,

94 3509 255 3591 augent,
277 3506 341 3563 aut
361 3495 517 3582 demum,
538 3500 640 3565 certi
653 3510 816 3566 carentes
838 3499 999 3584 ratione,
1020 3497 1160 3567 frustra

94 3613 358 3686 consuluntur.
410 3612 520 3698 Quod
547 3613 586 3682 iu
611 3606 820 3682 uuiversum
846 3615 876 3681 si
905 3616 1016 3699 valet,
1040 3612 1159 3683 multo

93 3733 218 3822 magis
259 3731 307 3798 de
337 3715 521 3796 'subsidiis
559 3729 605 3796 ad
641 3731 929 3798 venustissimam
966 3727 1159 3797 Persarum

90 3845 274 3938 linguam
301 3843 534 3913 ediscendam
558 3842 766 3912 necessariis
792 3842 979 3911 adfirmari
1006 3843 1157 3933 poterit.

92 3962 282 4050 Quam:·is
308 3937 407 4033 euilu
434 3961 558 4030 variae
590 3958 778 4029 idiomatis
803 3957 946 4030 Persici
974 3960 1023 4027 iu·
1040 3959 1159 4028 luceru

558 4124 573 4163 0
