2474 4620
1062 173 1090 257 5

77 369 217 460 quippe
239 388 353 456 «luae,
381 366 421 435 in
440 365 513 435 alia
536 364 657 436 omuia
678 366 818 454 abiens,
835 368 1136 465 gravissimisque

76 496 218 565 scatens
244 482 433 552 erroribus
458 474 507 570 *)‚
538 483 688 574 linguae
719 484 885 574 persicae
915 487 1135 567 ediscendae

74 600 257 690 cupidum
285 598 403 688 magis
429 597 653 685 confundat,
685 619 792 687 quam
825 602 944 672 solidis
970 600 1136 695 ejusdem

74 717 212 786 notitia
241 715 584 800 instruas-Quae
610 734 692 783 cum
720 715 774 784 ita
799 714 894 804 aiut,
919 716 1040 789 oflicii
1061 719 1135 793 mci

74 856 143 902 usse
173 828 275 898 duxi
298 827 553 918 qualecunque
576 825 693 905 hocce
717 830 932 917 opusculum
952 832 990 903 iu
1010 833 1135 907 lucem

74 949 267 1030 emittere,
294 954 336 1014 ut
363 954 401 1012 ei
428 944 554 1034 parvis
579 945 758 1015 sumtibus
783 955 822 1015 et
847 946 984 1037 absque
1009 947 1135 1041 longis

74 1059 576 1145 suiraosibusaqnocnnque
602 1057 752 1148 linguas
778 1059 943 1149 persicae
969 1062 1136 1133 studioso

74 1180 106 1245 in
135 1174 215 1242 hac
242 1172 374 1249 saltem
401 1174 525 1240 nostri
550 1169 806 1255 Universilale
831 1174 1012 1257 facillime
1036 1196 1135 1259 com,

74 1289 202 1383 parari
229 1288 360 1381 possit,

173 1402 429 1490 Praecipuum
455 1401 493 1469 iu
520 1402 787 1475 conscribendo
805 1403 922 1476 hocce
943 1405 1041 1475 libro
1065 1404 1133 1477 du·

74 1544 152 1593 cern
182 1527 333 1587 secutus
359 1538 436 1584 sum
464 1517 736 1608 Lousonrruur,
770 1519 876 1611 cujus
903 1522 1137 1612 praeclarum

74 1657 166 1725 opus
196 1630 471 1700 Grammatices
496 1626 662 1721 persicae
686 1656 759 1703 non
786 1631 920 1723 injuste
946 1656 1029 1704 cnm
1048 1654 1136 1705 con·

74 1747 361 1819 summatissirnai
381 1744 526 1814 illustr.
545 1745 605 1815 lie
629 1746 749 1818 Sacra
777 1747 1030 1820 Grammaticd
1053 1769 1136 1818 ara·

74 1868 159 1936 oica
187 1862 354 1934 conferri
385 1873 518 1965 potest.
534 1864 717 1946 —Graio
743 1877 934 1956 praetcrea
958 1865 1138 1956 profitear

74 2004 223 2053 necesse
244 1991 299 2049 cst
323 1981 459 2064 animo,
486 1979 686 2070 plurimum
707 1991 837 2053 memci
854 1983 988 2052 debera
1012 2002 1136 2068 rarae,

80 2118 193 2183 quam
217 2118 312 2164 auno
338 2093 436 2164 1834
461 2093 595 2180 habui,
620 2097 809 2171 occasioni
836 2096 1136 2173 institutionibus

79 2211 234 2281 fruendi
255 2212 534 2287 duumvirorum
556 2210 601 2289 ad
623 2207 799 2285 Scholam
816 2209 1038 2296 Asiaticam,
1058 2206 1139 2285 Mi·

77 2326 234 2399 nisterio
268 2325 465 2419 Imperiali
499 2348 554 2394 res
587 2334 730 2401 exteras
763 2322 958 2418 Peisopoli
989 2320 1139 2403 curanti
1179 2330 1186 2349 ⁸

80 2442 316 2531 adjunctam,
344 2452 437 2511 lonc
468 2441 645 2529 temporis
677 2441 822 2531 linguas
848 2430 1046 2519 orientales
1071 2436 1138 2507 do·

79 2557 187 2629 ceudi
215 2577 364 2624 munere
390 2552 643 2644 fungentium,
669 2555 979 2633 consiliariorum
1006 2552 1137 2626 sturm

80 2687 113 2746 et
133 2672 319 2761 Equitum
340 2669 547 2749 Fuaucrser
568 2670 757 2750 Curauuou
774 2682 811 2741 ct
827 2668 965 2739 Mruza
986 2668 1139 2742 Dacus·

81 2811 190 2859 anun
233 2783 428 2855 Tourscrsr
466 2782 679 2868 BascrrnW,
724 2805 878 2871 quorum
921 2792 1138 2873 praecepta,

81 2902 233 2992 linguae
273 2898 436 2988 persicae
473 2895 586 2991 adyta
628 2897 721 2966 mihi
759 2894 992 2975 recludeniia
1031 2904 1138 2977 lanio

82 3014 282 3109 promtiori
315 3013 543 3101 accipiebam
576 3014 720 3099 auimo,
751 3021 887 3100 quanio
913 3008 1044 3105 majori
1068 3009 1140 3084 hu·

83 3131 274 3209 manicatis
300 3127 431 3197 horum
456 3129 619 3205 uirorum
643 3138 752 3216 atque
778 3125 1056 3204 beneuolentiae
1082 3125 1139 3195 in·

86 3249 201 3339 signis
235 3241 481 3315 admiratione
513 3242 662 3312 adiecto
692 3240 910 3332 quotidiani
941 3239 1141 3311 eornudcm

87 3358 352 3433 consuetudins
383 3356 475 3428 mihi
505 3357 562 3433 uti
596 3356 741 3435 liceret.
764 3385 815 3402 -
838 3352 895 3423 De
925 3363 1068 3443 celero,
1092 3354 1140 3423 ab

86 3478 202 3562 omui,
236 3473 277 3551 iu
311 3472 425 3542 hacce
457 3470 600 3560 opella,
636 3470 896 3539 abstinendum
934 3489 1010 3538 esse
1046 3465 1141 3537 duxi

86 3587 345 3665 innovatione,
376 3584 448 3675 qni
482 3582 759 3659 Grammaticen
791 3581 1051 3668 universalem,
1084 3579 1141 3649 iia

85 3708 285 3725 —d

127 3756 162 3838 *i
187 3762 277 3838 Quos
301 3759 379 3863 heic
401 3775 586 3875 enumerprc
612 3753 757 3820 odiorum
778 3758 838 3819 eri.
874 3753 1005 3860 Videds
1023 3748 1143 3815 Holler

74 3896 77 4035 ι
171 3844 672 4012 zi‘ilii‘idliitfli
691 3839 979 4014 limidi*
1000 3841 1060 3908 Μ
1081 3838 1143 3913 ⁴¹'
