2474 4620
209 191 258 261 ²²
622 186 676 283 (b
703 188 766 278 4.)

1173 360 1214 392 Gt

164 399 367 471 variatione
388 399 436 467 ob
458 396 611 464 formam
633 400 822 467 literarum
847 401 1043 489 pendulam
1069 389 1212 484 ἄρξω

161 570 260 661 taliq
291 552 432 651 (ἁλί,
472 560 650 654 pendere)
693 570 889 637 nominatd.
951 569 996 637 In
1027 577 1215 661 communi

160 698 351 777 praetcrea
379 684 455 749 vita
483 683 664 750 adhibent
699 687 918 773 scripturam
945 689 1060 777 magis
1088 690 1212 777 impli-

160 805 272 873 citam
299 807 336 865 et
367 795 575 865 diacriticis
613 800 890 867 consonantium
922 805 1070 889 punctis
1108 804 1211 874 lraud

160 939 244 989 raro
264 914 499 999 destitutam,
525 912 680 1002 ideoque
701 915 799 1021 lectu
819 914 1095 1004 difficillimam,
1116 942 1209 1006 quae

160 1033 317 1207 &Ab
355 1078 732 1179 scirebeatcb-fracta
759 1040 868 1168 (¹alias
901 1034 997 1210 δῖοί).
1031 1086 1208 1179 immed)

159 1255 275 1325 audit.
301 1285 353 1296 —
379 1251 572 1317 Praeterea
611 1252 894 1338 observandum,
920 1253 1066 1342 Persas,
1093 1281 1206 1345 aeque

159 1395 202 1442 ac
228 1369 368 1437 Arabes
400 1377 437 1432 et
466 1365 625 1452 Tuscos,
665 1390 859 1455 numquam
898 1390 1064 1456 separare
1103 1398 1208 1442 voca-

158 1487 285 1556 bulum
311 1481 494 1570 quoddam
516 1483 553 1548 in
575 1482 751 1572 syllabas,
779 1485 831 1550 ita
854 1494 891 1550 ut
915 1486 1018 1572 prior
1036 1490 1206 1559 vocabuli

158 1624 245 1692 pars
272 1597 319 1664 ad
347 1597 528 1685 priorem,
561 1597 742 1684 posterior
767 1598 813 1664 ad
841 1611 1049 1684 sequentem
1076 1603 1208 1672 lineam

157 1718 363 1808 pertineat,
390 1714 453 1781 sed
479 1711 510 1782 si
537 1734 606 1780 vox
631 1714 807 1798 quaedam
836 1714 871 1780 in
898 1715 972 1782 fine
991 1717 1110 1787 lineae
1134 1745 1205 1791 non

157 1834 245 1902 satis
260 1831 420 1920 reperiat
436 1831 521 1913 loci,
543 1838 606 1894 aut
629 1849 767 1894 sursum
790 1830 993 1898 inflectitur
1007 1834 1205 1923 scriptura,

157 1961 220 2018 aut
254 1948 405 2016 ultimae
439 1947 568 2013 literae
602 1955 896 2032 superponuntur
934 1948 1131 2032 prioribus.
1158 1985 1206 1997 -

157 2066 285 2156 Signis
313 2061 622 2151 interpunctionis
648 2060 757 2133 etiam
777 2071 915 2146 carent,
930 2084 1036 2152 saepe
1063 2068 1205 2136 nullum

156 2183 252 2250 inter
298 2179 459 2247 diversas
506 2197 611 2242 voces
655 2176 902 2262 relinquentes
941 2178 1204 2263 interstitium

154 2297 337 2364 dictiones
363 2295 461 2360 enim
487 2317 508 2361 a
534 2314 570 2358 sc
598 2291 754 2356 invicem
787 2291 1048 2361 discernuntur
1081 2295 1203 2364 literis

154 2410 347 2495 linalibus,
373 2430 464 2495 quoe
491 2405 671 2495 peculiari
699 2407 915 2495 plerumque
940 2408 1100 2497 gaudent
1127 2409 1203 2476 sor-

153 2528 229 2610 ma,
268 2536 308 2593 ut
340 2559 366 2642 Γ
399 2543 468 2608 pro
493 2542 543 2602 ιο,
581 2539 616 2626 Z
655 2543 723 2610 pro
748 2537 785 2582 Δ
814 2532 883 2589 etc.
924 2520 1200 2592 Sententiarum

139 2664 242 2709 uero
268 2650 305 2708 et
340 2635 574 2726 periodorum
613 2637 770 2703 ambitus
810 2638 888 2724 ipsa
927 2642 1200 2719 constructione

152 2758 344 2840 delinitur,
383 2777 474 2842 quae
510 2754 663 2823 verbum
699 2757 914 2842 plerumque
949 2744 1090 2823 ultimo*
1119 2759 1198 2826 loco

152 2873 361 2962 ponendum
404 2870 520 2959 jubet.
592 2869 829 2955 Adhibentur
867 2843 1198 2939 tarnen'nonrlum-

152 3010 261 3076 quam
288 2987 392 3073 signa
417 3006 446 3063 >a
473 3010 493 3057 :.
520 2983 561 3073 ,φ
587 3007 678 3072 quae
713 2986 846 3052 nostris
878 2988 1026 3072 punctis
1055 3011 1198 3075 respon·

153 3104 252 3170 dent.
317 3100 449 3187 Capita
475 3112 512 3169 ct
539 3096 694 3185 majores
726 3100 905 3165 sectiones
939 3100 1118 3169 librorum
1144 3104 1199 3170 di·

153 3213 392 3298 stinguuntur
422 3212 541 3279 literis
567 3212 688 3277 rubris
717 3212 774 3276 vel
805 3214 952 3279 auratis,

249 3369 292 3461 2)
324 3376 463 3445 Litoris
494 3376 666 3445 Arabicis
703 3376 752 3443 2&
792 3371 892 3461 (nam
926 3401 968 3446 ex
1005 3379 1053 3447 32
1093 3404 1204 3470 supra

153 3490 296 3574 allatis,
330 3505 486 3581 quatuor
514 3494 665 3560 vocibus
692 3515 787 3558 merc
815 3495 969 3580 persicis
996 3497 1208 3591 peculiares

152 3617 256 3692 sunt,
282 3608 442 3675 scilicet:
469 3633 514 3710 q.)
540 3628 584 3695 p,
608 3654 641 3739 Z
668 3607 790 3691 tsclre,
813 3629 840 3725 p
866 3608 935 3676 zbe
963 3624 999 3678 ct
1020 3585 1087 3676 'J‘
1103 3604 1206 3700 gall)

153 3739 336 3806 interdum
377 3748 530 3805 utuntur
556 3715 688 3804 Persae
721 3740 766 3805 ad
800 3740 1064 3833 significandos
1090 3742 1204 3807 etiarn

152 3876 332 3936 nurneroS‚
372 3875 442 3939 qua
481 3854 621 3919 ratione
653 3852 875 3923 dividuntur
909 3856 976 3922 lrae
1004 3855 1134 3920 literae
1162 3856 1202 3921 in

150 3981 235 4039 octo
263 3990 369 4038 voces
396 3970 603 4057 technicas,
630 3972 667 4038 in
693 3973 943 4063 quibusuordo
964 3969 1012 4038 22
1034 3972 1204 4059 priorum
