2474 4620
194 159 277 240 as¹
494 157 575 254 (ss.
602 159 659 234 11.
692 158 750 232 12.
776 150 855 285 sa.)

127 293 145 447 θ,
247 366 281 462 §.
307 368 367 441 11.
420 368 614 458 Tempora
652 373 746 432 sunt:
774 353 816 449 1)
841 355 1053 446 Acrisium,
1082 350 1141 445 (h.
1165 377 1198 425 a.

146 480 400 573 indefinitum)
426 484 525 573 quod
552 504 720 572 praesens
752 490 789 548 et
816 476 980 546 futurum
1006 473 1115 544 simul
1145 475 1201 541 in·

146 606 290 690 cludit,
316 597 359 688 2)
386 601 599 682 Praesens,
628 590 670 681 3)
697 592 959 677 Praeteritum
985 585 1199 678 definitum,

143 717 188 807 4)
227 714 522 808 Imperfectum,
571 702 613 798 5)
645 707 907 777 Praeteritum
943 699 1199 794 indefinitum,

143 833 187 923 6)
208 822 649 927 plusquamperfectum,
702 819 745 909 t)
769 823 951 892 Futurum
982 818 1213 914 absolutam·

142 950 320 1041 simplex,
346 938 389 1032 8)
403 944 587 1035 Futurum
614 939 860 1026 compositum
887 953 924 1007 et
951 930 993 1029 9)
1012 938 1200 1008 Futurum

142 1072 329 1136 exactum.
510 1127 518 1142 ,

121 1236 157 1260 ,,
240 1171 275 1266 §.
306 1175 364 1244 12.
402 1175 555 1246 Numeri
582 1175 671 1243 duo:
700 1171 926 1267 Singularis
951 1172 1197 1254 etPlurulis3

141 1277 343 1348 Personae
370 1283 454 1360 tres,
492 1278 530 1341 in
565 1285 721 1360 utroque
749 1296 911 1342 numero.
974 1273 1116 1355 (Verba
1143 1273 1197 1341 sic

141 1396 245 1464 dicta
264 1388 558 1481 torpens-coalia,
587 1389 645 1458 vel
665 1387 964 1480 unipersonalia‚
983 1389 1096 1457 tertia
1115 1399 1194 1457 tan·

141 1519 219 1578 tnm
244 1507 409 1596 gaudent
437 1504 592 1592 persona
617 1504 816 1595 singularis
842 1498 1016 1591 numeri).

237 1615 273 1710 g.
301 1620 359 1688 13.
410 1619 456 1688 In
487 1615 768 1713 Coojugatione
794 1620 1001 1690 Verborum
1028 1622 1195 1693 Persico·

140 1763 220 1810 rum
240 1735 388 1805 maximi
410 1738 584 1804 momenti
611 1747 665 1802 est
684 1734 877 1825 formatio
898 1733 1124 1827 Imperatiui
1149 1761 1194 1807 ca

137 1848 339 1942 Irnfinitivo,
366 1851 531 1938 quamsi
559 1850 707 1918 noveris
741 1859 883 1918 ceterae
914 1874 1035 1919 omnes
1068 1851 1192 1921 flexio·

138 1988 201 2034 nes
241 1963 371 2052 planae
410 1961 569 2031 evadent
601 1971 638 2029 et
678 1963 825 2050 faciles,
851 1965 991 2054 quippe
1025 1989 1193 2057 quaeiex

138 2080 335 2150 Infinitivo
354 2088 391 2146 et
407 2077 635 2165 Imperativo
659 2078 706 2146 ad
728 2090 845 2147 certas
866 2080 1013 2169 regulas
1037 2080 1192 2151 formari

137 2196 290 2287 possint.
328 2190 393 2260 Est
416 2192 534 2283 igitur
556 2192 773 2263 Infinitivus
799 2195 961 2263 omnium
986 2205 1192 2284 temporum

130 2311 227 2403 sons
257 2319 301 2411 'et
339 2309 444 2398 origo
485 2298 533 2394 *),
571 2330 682 2395 qnare
723 2309 835 2377 etiam
872 2331 894 2376 a
928 2308 1191 2383 Grammaticis

179 2506 214 2588 *)
240 2512 274 2572 Si
298 2507 346 2574 sd¹
360 2514 462 2595 ipsam
486 2514 623 2597 gersesin
645 2510 804 2575 variarum
825 2512 998 2577 flexionem
1012 2512 1192 2581 verbalium

137 2628 167 2656 t·
224 2617 389 2690 adtendas,
419 2619 547 2680 inversa
573 2619 682 2698 potius
711 2619 796 2679 valet
816 2621 913 2691 ratio,
942 2620 975 2679 h.
999 2638 1027 2681 e.
1052 2621 1191 2702 impera·

138 2716 144 2732 ’
223 2726 325 2796 tivns,
350 2729 424 2786 utut
446 2724 623 2803 simplicior
642 2730 675 2786 et
691 2744 710 2787 e
728 2725 841 2786 minori
865 2725 1031 2788 literarum
1054 2744 1190 2789 numero
1232 2804 1233 2813 ἵ

222 2835 372 2891 constans
405 2828 522 2890 melius
557 2846 615 2909 pro
651 2826 761 2890 radice
784 2827 896 2891 haberi
924 2846 1019 2908 posse
1048 2831 1188 2904 videtur,

223 2953 317 3014 quam
341 2932 541 3006 Infinitivus,
566 2934 752 3014 praesertim
769 2933 894 3013 integer
911 2932 971 2994 ille
984 2928 1052 3010 (vel
1077 2935 1106 2997 si
1124 2955 1188 2999 ma·

224 3041 275 3102 vis
310 3033 544 3118 prolongatus);
579 3055 637 3099 nos
660 3045 778 3108 tamen,
803 3036 840 3097 ab
869 3037 955 3098 omni
991 3037 1188 3104 abstinentes

223 3143 429 3207 innovatione
452 3150 484 3205 et
511 3142 659 3203 brevitati
688 3145 931 3223 praeceptorum
954 3139 1187 3216 incumbentes,

223 3248 382 3314 contraris
404 3249 566 3330 progressi
591 3267 703 3312 snmus
725 3246 787 3308 vid.
833 3242 984 3310 Vindicat
1008 3255 1113 3308 autem
1137 3250 1188 3310 in·

137 3416 144 3425 .
213 3365 374 3442 finitivus
408 3385 465 3427 suo
499 3365 593 3425 etiam
625 3364 701 3445 jure
735 3363 798 3426 sibi
834 3382 950 3426 nomen
984 3362 1022 3424 uri
1045 3353 1187 3460 φίλω

222 3468 246 3528 i.
271 3486 299 3526 e.
320 3469 444 3547 sontis,
469 3488 527 3531 seu
550 3470 709 3550 originis,
734 3472 845 3548 utpote
867 3469 1061 3550 principium
1087 3469 1189 3549 signi·

221 3571 380 3634 ficationis
403 3573 583 3646 verborum,
618 3571 660 3632 ab·
682 3573 828 3636 omnibns
866 3573 1051 3636 adventitiis
1086 3573 1188 3638 deter-

220 3675 447 3741 minationibus
473 3677 561 3738 verbi
587 3676 673 3738 finiti
697 3675 833 3753 liberae;
858 3697 972 3758 quare,
997 3678 1025 3740 si
1049 3678 1185 3756 Impera·

219 3779 322 3842 tivum
356 3788 393 3843 ut
425 3783 624 3862 genneticam
659 3781 728 3844 sive
771 3784 1012 3864 etymologicam
1046 3781 1186 3846 radicem

222 3884 387 3949 verborum
400 3906 620 3967 agnoscamus,
639 3888 841 3952 infinitivum
863 3894 968 3952 tamen
992 3895 1029 3950 nt
1052 3888 1186 3967 logicam

220 3988 365 4070 ejusdem
386 3990 526 4058 radicem
548 3991 752 4062 considerare
780 3992 869 4062 haud
891 3993 955 4061 erit
981 3990 1163 4079 aradum
